@book{hansson,
  title={A Textbook of Belief Dynamics: Theory Change and Database Updating},
  author={Hansson, S.O.},
  number={v. 2},
  isbn={9780792353287},
  lccn={98037270},
  series={Applied logic series},
  url={https://books.google.ca/books?id=pS8EDvfx-CMC},
  year={1999},
  publisher={Kluwer Academic Publishers}
}

@article{kernel,
  author    = {Sven Ove Hansson},
  title     = {Kernel Contraction},
  journal   = {J. Symb. Log.},
  volume    = {59},
  number    = {3},
  pages     = {845--859},
  year      = {1994},
  url       = {http://dx.doi.org/10.2307/2275912},
  doi       = {10.2307/2275912},
  timestamp = {Tue, 05 Aug 2014 16:36:18 +0200},
  biburl    = {http://dblp.uni-trier.de/rec/bib/journals/jsyml/Hansson94},
  bibsource = {dblp computer science bibliography, http://dblp.org}
}

@Article{safe,
author={Alchourr{\'o}n, Carlos E. and Makinson, David},
title={On the logic of theory change: Safe contraction},
journal={Studia Logica},
year={1985},
volume={44},
number={4},
pages={405--422},
issn={1572-8730},
doi={10.1007/BF00370430},
url={http://dx.doi.org/10.1007/BF00370430}
}

@inproceedings{pin,
author = {Franz {Baader} and Rafael {Pe{\~n}aloza} and Boontawee {Suntisrivaraporn}},
booktitle = {Proceedings of the 2007 International Workshop on Description Logics ({DL2007})},
series = {CEUR-WS},
title = {Pinpointing in the Description Logic $\mathcal{EL}$},
month = {June},
year = {2007},
volume = {250},
address = {Brixen/Bressanone, Italy},
publisher = {Bozen-Bolzano University Press},
pages = {171--178}
}

@MastersThesis{zwei,
author = {Zhiwei Liao},
title = {Kernel Contraction in $\mathcal{EL}$},
school = {Simon Fraser University},
year = {2014}
}

@Article{econ,
author = {Rafael R. Testa},
title = {The Cost of Consistency: information economy in Paraconsistent Belief Revision},
journal = {South American Journal of Logic},
year = {2015},
volume = {1},
number = {2},
pages = {461--480},
month = {December}
}

@inproceedings{hit,
author = {Abreu, Rui and van Gemund, Arjan J. C.},
booktitle = {SARA},
editor = {Bulitko, Vadim and Beck, J. Christopher},
publisher = {AAAI},
title = {A Low-Cost Approximate Minimal Hitting Set Algorithm and its Application to Model-Based Diagnosis.},
year = {2009}
}

@Article{new,
year={2011},
issn={0170-6012},
journal={Informatik-Spektrum},
volume={34},
number={5},
doi={10.1007/s00287-011-0534-y},
title={What’s new in {D}escription {L}ogics},
url={http://dx.doi.org/10.1007/s00287-011-0534-y},
publisher={Springer-Verlag},
author={Baader, Franz},
pages={434-442},
language={English}
}

@Article{small,
year={2010},
issn={0933-1875},
journal={KI - Künstliche Intelligenz},
volume={24},
number={1},
doi={10.1007/s13218-010-0004-8},
title={Small is {A}gain {B}eautiful in {D}escription {L}ogics},
url={http://dx.doi.org/10.1007/s13218-010-0004-8},
publisher={Springer-Verlag},
keywords={Knowledge representation; Description logics; Automated reasoning},
author={Baader, Franz and Lutz, Carsten and Turhan, Anni-Yasmin},
pages={25-33},
language={English}
}

@book{alg,
author = {Kleinberg, Jon and Tardos, Eva},
title = {Algorithm Design},
year = {2005},
isbn = {0321295358},
publisher = {Addison-Wesley Longman Publishing Co., Inc.},
address = {Boston, MA, USA}
}
